@article{MONRP,
  author =       "Y. Zhang, M. Harman, and S. A. Mansouri",
  title =        "The Multi-Objective Next Release Problem",
  journal =      "In GECCO â€™07: Proceedings of the 2007 Genetic and Evolutionary Computation Conference",
  pages =        "1129--1136",
  year =         "2007"
}

@article{NRP,
  author =       "A.J. Bagnal, V.J. Rayward-Smith, and I.M. Whittley",
  title =        "The Next Release Problem",
  journal =      "Information and Software Technology 43",
  pages =        "883--890",
  year =         "2001"
}

@article{Warehouse,
  author =       "P.N. Poulos, G.G. Rigatos, S.G. Tzafestas and A.K. Koukos",
  title =        "A Pareto-optimal Genetic Algorithm for Warehouse Multi-Objective Optimization",
  journal =      "Engineering Applications of Artificial Intelligence 14",
  pages =        "737--749",
  year =         "2001"
}